@article{mitchell1997artificial,
  title={Artificial neural networks},
  author={Mitchell, Tom M},
  journal={Machine learning},
  pages={81--127},
  year={1997},
  publisher={Boston, MA: McGraw-Hill}
}

@article{markcraven2014,
  title={Neural Networks},
  author={Craven, Mark},
  journal={CS 760: Machine Learning},
  year={2014},
}

@incollection{fyfe2005artificial,
  title={Artificial neural networks},
  author={Fyfe, Colin},
  booktitle={Do Smart Adaptive Systems Exist?},
  pages={57--79},
  year={2005},
  publisher={Springer}
}
